@inproceedings{lsdSlam,
	author={J. Engel and T. Sch\"ops and D. Cremers},
	title={{LSD-SLAM}: Large-Scale Direct Monocular {SLAM}},
	year= {2014},
	month={September},
	booktitle = "European Conference on Computer Vision (ECCV)",
	keywords={rgb-d, monocular, slam, semidense, lsdslam},
	award = {Oral Presentation}
}

@inproceedings{datasetList,
	author = {Michael Firman},
	title = {{RGBD Datasets: Past, Present and Future}},
	booktitle = {CVPR Workshop on Large Scale 3D Data: Acquisition, Modelling and Analysis},
	year = {2016}
}

@inproceedings{rgbdBenchmark,
	author = {J. Sturm and N. Engelhard and F. Endres and W. Burgard and D. Cremers},
	title = "A Benchmark for the Evaluation of RGB-D SLAM Systems",
	booktitle = "Proc. of the International Conference on Intelligent Robot Systems (IROS)",
	year = "2012",
	month= "Oct.",
}

@inproceedings {msds,
	author       = {Ben Glocker and Shahram Izadi and Jamie Shotton and Antonio Criminisi},
	booktitle    = {International Symposium on Mixed and Augmented Reality (ISMAR)},
	month        = {October},
	publisher    = {IEEE},
	title        = {Real-Time RGB-D Camera Relocalization},
	url          = {http://research.microsoft.com/apps/pubs/default.aspx?id=196003},
	year         = {2013},
}