@misc{lieGroups,
    author = {Ethan Eade},
    title = {Lie Groups for 2D and 3D Transformations},
    howpublished = "\url{http://http://ethaneade.com/lie.pdf}",
    year = {2016}, 
    note = "[Online; accessed 17-June-2016]"
}

@inproceedings{tum3DMonoSLAM,
    author={J. Engel and T. Sch\"ops and D. Cremers},
    title={{LSD-SLAM}: Large-Scale Direct Monocular {SLAM}},
    year= {2014},
    month={September},
    booktitle = "European Conference on Computer Vision (ECCV)",
    keywords={rgb-d, monocular, slam, semidense, lsdslam},
    award = {Oral Presentation}
}

@inproceedings{tumDepthEstimation,
  title={Semi-dense visual odometry for a monocular camera},
  author={Engel, Jakob and Sturm, Jurgen and Cremers, Daniel},
  booktitle={Proceedings of the IEEE international conference on computer vision},
  pages={1449--1456},
  year={2013}
}

@article{3DPlaneSLAM,
    author = {Pathak, Kaustubh and Birk, Andreas and Vaskevicius, Narunas and Pfingsthorn, Max and Schwertfeger, Sören and Poppinga, Jann},
    title = {Online three-dimensional SLAM by registration of large planar surface segments and closed-form pose-graph relaxation},
    journal = {Journal of Field Robotics},
    volume = {27},
    number = {1},
    publisher = {Wiley Subscription Services, Inc., A Wiley Company},
    issn = {1556-4967},
    url = {http://dx.doi.org/10.1002/rob.20322},
    doi = {10.1002/rob.20322},
    pages = {52--84},
    year = {2010},
}

@inproceedings{CSFMSLAM,
    title={Collaborative Monocular SLAM with Multiple Micro Aerial Vehicles},
    author={Forster, Christian and Lynen, Simon and Kneip, Laurent and Scaramuzza, Davide},
    booktitle={IEEE/RSJ International Conference on Intelligent Robots and Systems},
    year={2013}
}

@inproceedings{EKFSLAM,
    title={FastSLAM: A factored solution to the simultaneous localization and mapping problem},
    author={Montemerlo, Michael and Thrun, Sebastian and Koller, Daphne and Wegbreit, Ben and others},
    booktitle={Aaai/iaai},
    pages={593--598},
    year={2002}
}

@article{SLAMoverview,
    title={Simultaneous localization and mapping: part I},
    author={Durrant-Whyte, Hugh and Bailey, Tim},
    journal={Robotics \& Automation Magazine, IEEE},
    volume={13},
    number={2},
    pages={99--110},
    year={2006},
    publisher={IEEE}
}

@inproceedings{beerSLAM,
  title={Policy search for multi-robot coordination under uncertainty},
  author={Amato, Christopher and Konidaris, George D and Anders, Ariel and Cruz, Gabriel and How, Jonathan P and Kaelbling, Leslie P},
  booktitle={Proceedings of the Robotics: Science and Systems Conference},
  year={2015}
}

@inproceedings{MDPSLAM,
  title={Planning for decentralized control of multiple robots under uncertainty},
  author={Amato, Christopher and Konidaris, George and Cruz, Gabriel and Maynor, Christopher A and How, Jonathan P and Kaelbling, Leslie P},
  booktitle={Robotics and Automation (ICRA), 2015 IEEE International Conference on},
  pages={1241--1248},
  year={2015},
  organization={IEEE}
}

@inproceedings{datasetList,
    author = {Michael Firman},
    title = {{RGBD Datasets: Past, Present and Future}},
    booktitle = {CVPR Workshop on Large Scale 3D Data: Acquisition, Modelling and Analysis},
    year = {2016}
}

@inproceedings{rgbdBenchmark,
    author = {J. Sturm and N. Engelhard and F. Endres and W. Burgard and D. Cremers},
    title = "A Benchmark for the Evaluation of RGB-D SLAM Systems",
    booktitle = "Proc. of the International Conference on Intelligent Robot Systems (IROS)",
    year = "2012",
    month= "Oct.",
}

@inproceedings{msds,
    author       = {Ben Glocker and Shahram Izadi and Jamie Shotton and Antonio Criminisi},
    booktitle    = {International Symposium on Mixed and Augmented Reality (ISMAR)},
    month        = {October},
    publisher    = {IEEE},
    title        = {Real-Time RGB-D Camera Relocalization},
    url          = {http://research.microsoft.com/apps/pubs/default.aspx?id=196003},
    year         = {2013},
}

@article{kittiDataset,
    author = {Andreas Geiger and Philip Lenz and Christoph Stiller and Raquel Urtasun},
    title = {Vision meets Robotics: The KITTI Dataset},
    journal = {International Journal of Robotics Research (IJRR)},
    year = {2013}
}

@article{article1,
    title={ПОИСК ПУТИ В НЕИЗВЕСТНОМ ОКРУЖЕНИИ С ИСПОЛЬЗОВАНИЕМ НЕЙРО-НЕЧЕТКОЙ МОДЕЛИ УПРАВЛЕНИЯ},
    author={Гребенюк~А.~А.},
    journal={МОЛОДЕЖНЫЙ НАУЧНО-ТЕХНИЧЕСКИЙ ВЕСТНИК},
    number={12},
    pages={33},
    year={2014},
    publisher={Московский государственный технический университет им. Н.~Э.~Баумана (Москва)}
}